<?xml version="1.0" encoding="UTF-8"?><collection xmlns="http://www.loc.gov/MARC21/slim"><record><leader>00380nam--2200133-i-4500</leader><controlfield tag="001">000045214</controlfield><controlfield tag="002">20161230</controlfield><controlfield tag="005">20161230201044</controlfield><controlfield tag="008">060222s1000------------r-----000-0-eng-d</controlfield><datafield ind1=" " ind2=" " tag="080"><subfield code="a">533.9:541.1:621.382</subfield></datafield><datafield ind1=" " ind2=" " tag="245"><subfield code="a">Techniques and applications of plasmachemistry</subfield></datafield><datafield ind1=" " ind2=" " tag="260"><subfield code="a">New York, John Wiley &amp; Sons, 1974. Viii + 399 P</subfield></datafield><datafield ind1=" " ind2=" " tag="700"><subfield code="a">Johnr.Hollahanandalexixt.Bell</subfield></datafield><datafield ind1=" " ind2=" " tag="852"><subfield code="a">42538</subfield></datafield></record></collection>